<record><leader>00000cas a22000007a 4500</leader><controlfield tag="001">9277431</controlfield><controlfield tag="008">830304d18471958mauwr ne      0    0eng d</controlfield><controlfield tag="009">3768</controlfield><datafield ind1=" " ind2=" " tag="010"><subfield code="a">sn 83020158 </subfield></datafield><datafield ind1=" " ind2=" " tag="040"><subfield code="a">NPX</subfield><subfield code="b">eng</subfield><subfield code="c">NPX</subfield><subfield code="d">NPU</subfield><subfield code="d">DLC</subfield><subfield code="d">NSD</subfield><subfield code="d">MGN</subfield></datafield><datafield ind1="1" ind2=" " tag="029"><subfield code="a">AU@</subfield><subfield code="b">000025788259</subfield></datafield><datafield ind1=" " ind2=" " tag="042"><subfield code="a">msc</subfield></datafield><datafield ind1=" " ind2=" " tag="043"><subfield code="a">n-us-ma</subfield></datafield><datafield ind1="0" ind2="0" tag="050"><subfield code="a">Newspaper 8160-X</subfield></datafield><datafield ind1="0" ind2=" " tag="130"><subfield code="a">Yarmouth register (Yarmouth, Mass. : 1847)</subfield></datafield><datafield ind1="0" ind2="0" tag="245"><subfield code="a">Yarmouth register.</subfield></datafield><datafield ind1=" " ind2=" " tag="260"><subfield code="a">Yarmouth Port [Yarmouth], Mass. :</subfield><subfield code="b">Wm. Fisher &amp; Cha's Swift,</subfield></datafield><datafield ind1=" " ind2=" " tag="300"><subfield code="a">v. ;</subfield><subfield code="c">61-69 cm.</subfield></datafield><datafield ind1=" " ind2=" " tag="310"><subfield code="a">Weekly</subfield></datafield><datafield ind1="0" ind2=" " tag="362"><subfield code="a">Vol. 12, no. 1 (Dec. 16, 1847)-123rd year, no. 32 (Aug. 1, 1958).</subfield></datafield><datafield ind1=" " ind2=" " tag="500"><subfield code="a">Whig, &lt;1847-1857&gt;; Republican, &lt;1857-   &gt;.</subfield></datafield><datafield ind1=" " ind2=" " tag="500"><subfield code="a">Publishers: Charles F. Swift, July 12, 1849-Dec. 27, 1879; Chas. F. Swift &amp; Son, Jan. 3, 1880-Apr. 30, 1904; Chas. W. Swift, May 7, 1904-Dec. 16, 1938.</subfield></datafield><datafield ind1=" " ind2=" " tag="500"><subfield code="a">Printers: William S. Fisher &amp; Charles Francis Swift, 1847-July 5, 1849; Charles F. Swift, July 12, 1849-Nov. 26, 1870; E.L. Robbins, Dec. 3, 1870-July 1, 1871.</subfield></datafield><datafield ind1=" " ind2=" " tag="500"><subfield code="a">Editors: Charles F. Swift, July 12, 1849-Feb. 4, 1859; Annette L. Kelley, June 27, 1952-Dec. 29, 1955; Horatio Rogers, Jr., Jan. 5, 1956-1958.</subfield></datafield><datafield ind1="1" ind2=" " tag="700"><subfield code="a">Swift, Charles Francis.</subfield></datafield><datafield ind1=" " ind2=" " tag="752"><subfield code="a">United States</subfield><subfield code="b">Massachusetts</subfield><subfield code="c">Barnstable</subfield><subfield code="d">Yarmouth.</subfield></datafield><datafield ind1=" " ind2=" " tag="752"><subfield code="a">United States</subfield><subfield code="b">Massachusetts</subfield><subfield code="c">Barnstable</subfield><subfield code="d">Yarmouth Port.</subfield></datafield><datafield ind1="0" ind2="0" tag="780"><subfield code="t">Yarmouth register, &amp; Barnstable County weekly advertiser</subfield><subfield code="w">(DLC)sn 83020157</subfield></datafield><datafield ind1="0" ind2="0" tag="785"><subfield code="t">Dennis-Yarmouth register</subfield><subfield code="w">(DLC)sn 91058023</subfield></datafield></record>